@article{hull1994numerical,
  title={Numerical procedures for implementing term structure models I: Single-factor models},
  author={Hull, John and White, Alan},
  journal={Journal of Derivatives},
  volume={2},
  number={1},
  pages={7--16},
  year={1994}
}

@article{hull1996using,
  title={Using Hull-White interest rate trees},
  author={Hull, John},
  journal={Journal of Derivatives},
  volume={3},
  number={3},
  pages={26--36},
  year={1996},
  publisher={Citeseer}
}
@article{grzelak2011heston,
  title={On the Heston model with stochastic interest rates},
  author={Grzelak, Lech A and Oosterlee, Cornelis W},
  journal={SIAM Journal on Financial Mathematics},
  volume={2},
  number={1},
  pages={255--286},
  year={2011},
  publisher={SIAM}
}
@incollection{zhu2000modular,
  title={Modular pricing of options},
  author={Zhu, Jianwei},
  booktitle={Modular Pricing of Options},
  pages={25--97},
  year={2000},
  publisher={Springer}
}

@article{de2013smiles,
  title={Smiles all around: FX joint calibration in a multi-Heston model},
  author={De Col, Alvise and Gnoatto, Alessandro and Grasselli, Martino},
  journal={Journal of Banking \& Finance},
  volume={37},
  number={10},
  pages={3799--3818},
  year={2013},
  publisher={Elsevier}
}

@article{vasicek1977equilibrium,
  title={An equilibrium characterization of the term structure},
  author={Vasicek, Oldrich},
  journal={Journal of financial economics},
  volume={5},
  number={2},
  pages={177--188},
  year={1977},
  publisher={Elsevier}
}
@article{schobel1999stochastic,
  title={Stochastic volatility with an Ornstein--Uhlenbeck process: an extension},
  author={Sch{\"o}bel, Rainer and Zhu, Jianwei},
  journal={Review of Finance},
  volume={3},
  number={1},
  pages={23--46},
  year={1999},
  publisher={European Finance Association}
}
@article{fusai2015,
  title = {Spitzer identity, {W}iener-{H}opf factorisation and pricing of discretely monitored exotic options},
  author = {G. Fusai and G. Germano and D. Marazzina},
  journal = {European Journal of Operational Research},
  volume = 251,
  number = 4,
  pages = {124--134},
  year = {2016},
  publisher = {Elsevier},
  doi = {10.1016/j.ejor.2015.11.027}}
  
@book{Press2007,
author = "W. H. Press and S. A. Teukolsky and W. T. Vetterling and B. P. Flannery",
title = "Numerical recipes in C++",
edition = "3rd",
publisher = "Cambridge University Press",
address = "Cambridge",
year = 2007}

@book{Lamport1994,
author = "L. Lamport",
title = "LaTeX: A document preparation system: User's guide and reference manual",
edition = "2nd",
publisher = "Addison Wesley",
address = "Boston",
year = 1994}

@misc{Wang2014,
title = "Conformal mapping between \textit{s}-plane to \textit{z}-plane",
author = "R. Wang",
url = "http://fourier.eng.hmc.edu/e102/lectures/Z_Transform/node2.html",
howpublished = {\url{http://fourier.eng.hmc.edu/e102/lectures/Z_Transform/node2.html}},
note = "Accessed: 09/10/2015",
year = 2014}


@article{heston1993closed,
  title={A closed-form solution for options with stochastic volatility with applications to bond and currency options},
  author={Heston, Steven L},
  journal={Review of Financial Studies},
  volume={6},
  number={2},
  pages={327--343},
  year={1993},
  publisher={Oxford University Press},
  doi={10.1093/rfs/6.2.327}
}

@book{rouah2013heston,
  title={The Heston model and its extensions in Matlab and C\#},
  author={Rouah, Fabrice D},
  year={2013},
  publisher={John Wiley \& Sons},
  doi={10.1002/9781118656471}
}

@article{cui2017full,
  title={Full and fast calibration of the Heston stochastic volatility model},
  author={Cui, Yiran and del Ba{\~n}o Rollin, Sebastian and Germano, Guido},
  journal={European Journal of Operational Research},
  volume={263},
  number={2},
  pages={625--638},
  year={2017},
  publisher={Elsevier}
}

@article{bates1996jumps,
  title={Jumps and stochastic volatility: Exchange rate processes implicit in Deutsche mark options},
  author={Bates, David S},
  journal={Review of Financial Studies},
  volume={9},
  number={1},
  pages={69--107},
  year={1996},
  publisher={Oxford University Press}
}

@article{christoffersen2009shape,
  title={The shape and term structure of the index option smirk: Why multifactor stochastic volatility models work so well},
  author={Christoffersen, Peter and Heston, Steven and Jacobs, Kris},
  journal={Management Science},
  volume={55},
  number={12},
  pages={1914--1932},
  year={2009},
  publisher={INFORMS}
}

@article{pacati2014heston,
  title={Heston model: shifting on the volatility surface},
  author={Pacati, Claudio and Ren{\`o}, Roberto and Santilli, Manola},
  journal={Risk},
  pages={54},
  year={2014},
  publisher={Incisive Media Limited}
}

@article{pacati2018smiling,
  title={Smiling twice: the Heston++ model},
  author={Pacati, Claudio and Pompa, Gabriele and Ren{\`o}, Roberto},
  journal={Journal of Banking \& Finance},
  volume={96},
  pages={185--206},
  year={2018},
  publisher={Elsevier}
}

@article{gatheral2020quadratic,
  title={The quadratic rough Heston model and the joint S\&P 500/VIX smile calibration problem},
  author={Gatheral, Jim and Jusselin, Paul and Rosenbaum, Mathieu},
  journal={arXiv preprint:2001.01789},
  year={2020}
}

@article{dandapani2021quadratic,
  title={From quadratic Hawkes processes to super-Heston rough volatility models with Zumbach effect},
  author={Dandapani, Aditi and Jusselin, Paul and Rosenbaum, Mathieu},
  journal={arXiv preprint arXiv:1907.06151v2},
  year={2021}
}

@article{beliaeva2010simple,
  title={A simple approach to pricing American options under the Heston stochastic volatility model},
  author={Beliaeva, Natalia A and  Nawalkha, Sanjay },
  journal={Journal of Derivatives},
  volume={17},
  number={4},
  pages={25--43},
  year={2010},
  publisher={Institutional Investor Journals Umbrella}
}

@article{battauz2014put,
  title={The put-call symmetry for American options in the Heston stochastic volatility model},
  author={Battauz, Anna and De Donno, Marzia and Sbuelz, Alessandro},
  year={2014},
  journal={Mathematical Finance Letter},
  volume={7},
  pages={1--8},
  publisher={SCIK Publishing Corporation}
}

@article{Black1973pricing,
  author={Black, Fischer and Scholes, Myron S},
  title={{The pricing of options and corporate liabilities}},
  journal={Journal of Political Economy},
  year=1973,
  volume={81},
  number={3},
  pages={637-654}
}

@article{cox1985intertemporal,
  title={An intertemporal general equilibrium model of asset prices},
  author={Cox, John C and Ingersoll Jr, Jonathan E and Ross, Stephen A},
  journal={Econometrica: Journal of the Econometric Society},
  pages={363--384},
  year={1985},
  publisher={JSTOR}
}

@article{el2019roughening,
  title={Roughening Heston},
  author={El Euch, Omar and Gatheral, Jim and Rosenbaum, Mathieu},
  journal={Risk},
  pages={84--89},
  year={2019}
}

@article{el2019characteristic,
  title={The characteristic function of rough Heston models},
  author={El Euch, Omar and Rosenbaum, Mathieu},
  journal={Mathematical Finance},
  volume={29},
  number={1},
  pages={3--38},
  year={2019},
  publisher={Wiley Online Library}
}

@article{gatheral2018volatility,
  title={Volatility is rough},
  author={Gatheral, Jim and Jaisson, Thibault and Rosenbaum, Mathieu},
  journal={Quantitative Finance},
  volume={18},
  number={6},
  pages={933--949},
  year={2018},
  publisher={Taylor \& Francis}
}

@article{comte1998long,
  title={Long memory in continuous-time stochastic volatility models},
  author={Comte, Fabienne and Renault, Eric},
  journal={Mathematical Finance},
  volume={8},
  number={4},
  pages={291--323},
  year={1998},
  publisher={Wiley Online Library}
}

@misc{cobe2019whitepaper,
author = {{Cboe, Exchange, Inc}},
title = {White paper cboe volatility index},
year = {2019},
howpublished={\url{https://cdn.cboe.com/resources/vix/vixwhite.pdf}}
}

@article{pompa2016deterministic,
  title={PhD thesis: Deterministic shift extension of affine models for variance derivatives},
  author={Pompa, Gabriele},
  year={2016},
  publisher={IMT Institute for Advanced Studies Lucca},
  doi={ 10.6092/imtlucca/e-theses/185}
}

@article{decreusefond1999stochastic,
  title={Stochastic analysis of the fractional Brownian motion},
  author={Decreusefond, Laurent and Ustunel},
  journal={Potential Analysis},
  volume={10},
  number={2},
  pages={177--214},
  year={1999},
  publisher={Springer}
}

@article{zhao2018analitical,
    title={MSc thesis: Analytically differentiable expression of the characteristic function of the Heston model with displacement and its use in calibration},
    author={Lin Zhao},
    year={2018},
    publisher={University College London}
}

@article{paggiaro2021gradiente,
    title={MSc thesis: Il gradiente analitico del modello Heston++ e il suo utilizzo nella calibrazione consistente con le opzioni VIX},
    author={Matteo Paggiaro},
    year={2021},
    publisher={Politecnico di Milano}
}

@article{horvath2019deep,
  title={Deep learning volatility},
  author={Horvath, Blanka and Muguruza, Aitor and Tomas, Mehdi},
  journal={SSRN 3322085},
  year={2019}
}

@book{wilmott2013paul,
  title={Paul Wilmott on quantitative finance},
  author={Wilmott, Paul},
  year={2013},
  publisher={John Wiley \& Sons}
}

@article{albrecher2007little,
  title={The little Heston trap},
  author={Albrecher, Hansj{\"o}rg and Mayer, Philipp and Schoutens, Wim and Tistaert, Jurgen},
  journal={Wilmott},
  number={1},
  pages={83--92},
  year={2007}
}

@article{Schoutens2004perfect,
  title={A perfect calibration! Now what},
  author={Schoutens, P and Simons, E and Tistaert, J},
  journal={Wilmott Magazine, March},
  year={2004}
}

@article{lord2010complex,
  title={Complex logarithms in Heston-like models},
  author={Lord, Roger and Kahl, Christian},
  journal={Mathematical Finance: An International Journal of Mathematics, Statistics and Financial Economics},
  volume={20},
  number={4},
  pages={671--694},
  year={2010},
  publisher={Wiley Online Library}
}

@article{duffie2000transform,
  title={Transform analysis and asset pricing for affine jump-diffusions},
  author={Duffie, Darrell and Pan, Jun and Singleton, Kenneth},
  journal={Econometrica},
  volume={68},
  number={6},
  pages={1343--1376},
  year={2000},
  publisher={Wiley Online Library}
}

@article{whaley1993derivatives,
  title={Derivatives on market volatility: Hedging tools long overdue},
  author={Whaley, Robert E},
  journal={Journal of Derivatives},
  volume={1},
  number={1},
  pages={71--84},
  year={1993},
  publisher={Institutional Investor Journals Umbrella}
}

@article{whaley2009understanding,
  title={Understanding the VIX},
  author={Whaley, Robert E},
  journal={Journal of Portfolio Management},
  volume={35},
  number={3},
  pages={98--105},
  year={2009},
  publisher={Institutional Investor Journals Umbrella}
}

@article{schwert2011stock,
  title={Stock volatility during the recent financial crisis},
  author={Schwert, G William},
  journal={European Financial Management},
  volume={17},
  number={5},
  pages={789--805},
  year={2011},
  publisher={Wiley Online Library}
}

@article{grunbichler1996valuing,
  title={Valuing futures and options on volatility},
  author={Gr{\"u}nbichler, Andreas and Longstaff, Francis A},
  journal={Journal of Banking \& Finance},
  volume={20},
  number={6},
  pages={985--1001},
  year={1996},
  publisher={Elsevier}
}

@article{detemple2000valuation,
  title={The valuation of volatility options},
  author={Detemple, J{\'e}r{\^o}me and Osakwe, Carlton},
  journal={Review of Finance},
  volume={4},
  number={1},
  pages={21--50},
  year={2000},
  publisher={European Finance Association}
}

@article{mencia2013valuation,
  title={Valuation of VIX derivatives},
  author={Mencia, Javier and Sentana, Enrique},
  journal={Journal of Financial Economics},
  volume={108},
  number={2},
  pages={367--391},
  year={2013},
  publisher={Elsevier}
}

@article{bates2012us,
  title={US stock market crash risk, 1926--2010},
  author={Bates, David S},
  journal={Journal of Financial Economics},
  volume={105},
  number={2},
  pages={229--259},
  year={2012},
  publisher={Elsevier}
}

@article{barndroff2001non,
  title={Non-Gaussian Ornstein-Uhlenbeck-based models and some of their uses in financial economics},
  author={Barndorff-Nielsen, Ole E and Shephard, Neil},
  journal={Journal of the Royal Statistical Society: Series B (Statistical Methodology)},
  volume={63},
  year={2001}
}

@article{kokholm2015joint,
  title={Joint pricing of VIX and SPX options with stochastic volatility and jump models},
  author={Kokholm, Thomas and Stisen, Martin},
  journal={Journal of Risk Finance},
  year={2015},
  publisher={Emerald Group Publishing Limited}
}

@article{sepp2008vix,
  title={VIX option pricing in a jump-diffusion model},
  author={Sepp, Artur},
  journal={Risk Magazine},
  pages={84--89},
  year={2008}
}

@article{forde2021rough,
  title={Rough Heston with jumps-small-time VIX smile and exact calibration to SPX/VIX level and skew},
  author={Forde, Martin and Gerhold, Stefan and Smith, Benjamin},
  year={2021}
}
@article{merton1973theory,
  ISSN = {00058556},
  URL = {http://www.jstor.org/stable/3003143},
  author = {Robert C. Merton},
  journal = {Bell Journal of Economics and Management Science},
  number = {1},
  pages = {141--183},
  publisher = {[Wiley, RAND Corporation]},
  title = {Theory of Rational Option Pricing},
  volume = {4},
  year = {1973}
}


@article{hull1990pricing,
  title={Pricing interest-rate-derivative securities},
  author={Hull, John and White, Alan},
  journal={Review of Financial Studies},
  volume={3},
  number={4},
  pages={573--592},
  year={1990},
  publisher={Oxford University Press}
}
@article{cox1985Theory,
   ISSN = {00129682, 14680262},
  author = {John C. Cox and Jonathan E. Ingersoll and Stephen A. Ross},
  journal = {Econometrica},
  number = {2},
  pages = {385--407},
  publisher = {[Wiley, Econometric Society]},
  title = {A Theory of the Term Structure of Interest Rates},
  volume = {53},
  year = {1985}
}

@article{grzelak2012extension,
  title={Extension of stochastic volatility equity models with the Hull--White interest rate process},
  author={Grzelak, Lech A and Oosterlee, Cornelis W and Van Weeren, Sacha},
  journal={Quantitative Finance},
  volume={12},
  number={1},
  pages={89--105},
  year={2012},
  publisher={Taylor \& Francis}
}

@article{recchioni2017can,
  title={Can negative interest rates really affect option pricing? Empirical evidence from an explicitly solvable stochastic volatility model},
  author={Recchioni, Maria Cristina and Sun, Yu and Tedeschi, Gabriele},
  journal={Quantitative Finance},
  volume={17},
  number={8},
  pages={1257--1275},
  year={2017},
  publisher={Taylor \& Francis}
}

@article{recchioni2016explicitly,
  title={An explicitly solvable Heston model with stochastic interest rate},
  author={Recchioni, Maria Cristina and Sun, Yu},
  journal={European Journal of Operational Research},
  volume={249},
  number={1},
  pages={359--377},
  year={2016},
  publisher={Elsevier}
}

@article{sun2021explicitly,
    title={An Explicitly Solvable Multi-Scale Heston FX Model with Stochastic Interest Rate},
    author={Sun, Yu},
    year={2021},
    note={preprint}
}

@article{feller1951two,
  title={Two singular diffusion problems},
  author={Feller, William},
  journal={Annals of Mathematics},
  pages={173--182},
  year={1951},
  publisher={JSTOR}
}

@article{van2008pricing,
  title={Pricing long-maturity equity and FX derivatives with stochastic interest rates and stochastic equity},
  author={van Haastrecht, A and Lord, R and Pelsser, A and Schrager, D and others},
  year={2008},
  publisher={AmsterdamFaculteit Economie en Bedrijfskunde}
}

@article{hull1993one,
  title={One-factor interest-rate models and the valuation of interest-rate derivative securities},
  author={Hull, John and White, Alan},
  journal={Journal of Financial and Quantitative Analysis},
  volume={28},
  number={2},
  pages={235--254},
  year={1993},
  publisher={Cambridge University Press}
}

@inproceedings{giese2006pricing,
  title={On the pricing of auto-callable equity structures in the presence of stochastic volatility and stochastic interest rates},
  author={Giese, Alexander},
  booktitle={MathFinance Workshop, Germany},
  year={2006}
}

@article{uhlenbeck1930theory,
  title={On the theory of the Brownian motion},
  author={Uhlenbeck, George E and Ornstein, Leonard S},
  journal={Physical Review},
  volume={36},
  number={5},
  pages={823},
  year={1930},
  publisher={APS}
}

@article{chan1992empirical,
  title={An empirical comparison of alternative models of the short-term interest rate},
  author={Chan, Kalok C and Karolyi, G Andrew and Longstaff, Francis A and Sanders, Anthony B},
  journal={Journal of Finance},
  volume={47},
  number={3},
  pages={1209--1227},
  year={1992},
  publisher={Wiley Online Library}
}

@book{karatzas1991brownian,
  title={Brownian motion and stochastic calculus},
  author={Karatzas, Ioannis and Shreve, Steven},
  volume={113},
  year={1991},
  publisher={Springer Science \& Business Media}
}